<collection xmlns="http://www.loc.gov/MARC21/slim">
<record>
  <leader>02023nam0a22003131i 450 </leader>
  <controlfield tag="001">IT\ICCU\CNCE\047839</controlfield>
  <controlfield tag="005">20080411000000.0</controlfield>
  <datafield tag="012" ind1=" " ind2=" ">
    <subfield code="a">au8. n-n- co1. stSe (3) 1557 (Q)</subfield>
    <subfield code="2">fei</subfield>
  </datafield>
  <datafield tag="100" ind1=" " ind2=" ">
    <subfield code="a">19990304f15571559    0itac0103    ba</subfield>
  </datafield>
  <datafield tag="101" ind1=" " ind2=" ">
    <subfield code="a">LAT</subfield>
  </datafield>
  <datafield tag="102" ind1=" " ind2=" ">
    <subfield code="a">IT</subfield>
  </datafield>
  <datafield tag="200" ind1="1" ind2=" ">
    <subfield code="a">℗D. Mariani Socini iurisconsulti ... quem Socinum nepotem vocant, ℗Repetitiones subtilissimae in rubricam, &amp;. l. i. in princ. ff. de operis noui nunciatione iterum cum exemplari eiusdem auctoris manuscripto collatae &amp; emendatae. Quibus accesserunt summaria copiosiss. &amp; diligentiss. impressa, &amp; emendata</subfield>
  </datafield>
  <datafield tag="210" ind1=" " ind2=" ">
    <subfield code="a">Bononiae</subfield>
    <subfield code="c">Antonius Giaccarellus &amp; Peregrinus Bonardus socij excudebant \tra il 1557 e il 1559!</subfield>
  </datafield>
  <datafield tag="215" ind1=" " ind2=" ">
    <subfield code="a">XXXI, \1! c.</subfield>
    <subfield code="d">fol</subfield>
  </datafield>
  <datafield tag="300" ind1=" " ind2=" ">
    <subfield code="a">La data si ricava dall&apos;attivit ̉della societ ̉tipografica</subfield>
  </datafield>
  <datafield tag="620" ind1=" " ind2=" ">
    <subfield code="a">IT</subfield>
    <subfield code="d">Bologna</subfield>
  </datafield>
  <datafield tag="700" ind1=" " ind2="1">
    <subfield code="a">Soccini,</subfield>
    <subfield code="b">Mariano</subfield>
    <subfield code="c"> &lt;il giovane&gt;</subfield>
    <subfield code="3">IT\ICCU\CNCA\000090</subfield>
  </datafield>
  <datafield tag="712" ind1="0" ind2="0">
    <subfield code="a">Giaccarelli, Antonio &amp; Bonardo, Pellegrino</subfield>
    <subfield code="3">IT\ICCU\CNCT\000901</subfield>
    <subfield code="4">650</subfield>
  </datafield>
  <datafield tag="790" ind1=" " ind2="1">
    <subfield code="a">Socino,</subfield>
    <subfield code="b">Mariano</subfield>
    <subfield code="3">IT\ICCU\CNCA\024012</subfield>
    <subfield code="z">Soccini, Mariano &lt;il giovane&gt;</subfield>
  </datafield>
  <datafield tag="790" ind1=" " ind2="1">
    <subfield code="a">Socinus,</subfield>
    <subfield code="b">Marianus</subfield>
    <subfield code="c"> &lt;il giovane&gt;</subfield>
    <subfield code="3">IT\ICCU\CNCA\024013</subfield>
    <subfield code="z">Soccini, Mariano &lt;il giovane&gt;</subfield>
  </datafield>
  <datafield tag="790" ind1=" " ind2="1">
    <subfield code="a">Socini,</subfield>
    <subfield code="b">Mariano</subfield>
    <subfield code="c"> &lt;il giovane&gt;</subfield>
    <subfield code="3">IT\ICCU\CNCA\024014</subfield>
    <subfield code="z">Soccini, Mariano &lt;il giovane&gt;</subfield>
  </datafield>
  <datafield tag="790" ind1=" " ind2="1">
    <subfield code="a">Soccino,</subfield>
    <subfield code="b">Mariano</subfield>
    <subfield code="3">IT\ICCU\CNCA\024015</subfield>
    <subfield code="z">Soccini, Mariano &lt;il giovane&gt;</subfield>
  </datafield>
  <datafield tag="790" ind1=" " ind2="1">
    <subfield code="a">Sozinus,</subfield>
    <subfield code="b">Marianus</subfield>
    <subfield code="3">IT\ICCU\CNCA\024016</subfield>
    <subfield code="z">Soccini, Mariano &lt;il giovane&gt;</subfield>
  </datafield>
  <datafield tag="801" ind1=" " ind2="3">
    <subfield code="a">IT</subfield>
    <subfield code="b">ICCU</subfield>
    <subfield code="c">20201115</subfield>
  </datafield>
  <datafield tag="899" ind1=" " ind2=" ">
    <subfield code="a">Biblioteca del Dipartimento di diritto privato e storia del diritto dell&apos;Universit ̉degli studi di Milano. Milano</subfield>
    <subfield code="1">MI1334</subfield>
    <subfield code="2">USM L1</subfield>
  </datafield>
  <datafield tag="899" ind1=" " ind2=" ">
    <subfield code="a">Biblioteca nazionale centrale. Roma</subfield>
    <subfield code="1">RM0267</subfield>
    <subfield code="2">BVE CR</subfield>
  </datafield>
  <datafield tag="899" ind1=" " ind2=" ">
    <subfield code="a">Biblioteca della Facolt ̉di giurisprudenza dell&apos;Universit ̉degli Studi di Teramo. Teramo</subfield>
    <subfield code="1">TE0045</subfield>
    <subfield code="2">ABR R3</subfield>
  </datafield>
  <datafield tag="911" ind1=" " ind2=" ">
    <subfield code="a">Sul front.</subfield>
    <subfield code="9">IT\ICCU\CNCM\000770</subfield>
  </datafield>
  <datafield tag="921" ind1=" " ind2=" ">
    <subfield code="a">IT\ICCU\CNCM\000770</subfield>
    <subfield code="b">Ercole con la clava uccide l&apos;idra di Lerna. In cornice formata da un ramo di palma ed uno di olivo</subfield>
    <subfield code="c">Z490</subfield>
    <subfield code="f">ERCOLE</subfield>
    <subfield code="f">CLAVA</subfield>
    <subfield code="f">IDRA</subfield>
    <subfield code="f">PALMA</subfield>
    <subfield code="f">OLIVO</subfield>
    <subfield code="g">1550-1582</subfield>
  </datafield>
</record>
</collection>
